<record><leader>00000cas a22000007a 4500</leader><controlfield tag="001">13077752</controlfield><controlfield tag="008">860129d196u19uumtumr ne      0    0eng d</controlfield><datafield ind1=" " ind2=" " tag="010"><subfield code="a">sn 86091031 </subfield></datafield><datafield ind1=" " ind2=" " tag="040"><subfield code="a">UNP</subfield><subfield code="b">eng</subfield><subfield code="c">UNP</subfield><subfield code="d">OCL</subfield><subfield code="d">OCLCQ</subfield><subfield code="d">OCLCO</subfield></datafield><datafield ind1=" " ind2=" " tag="042"><subfield code="a">msc</subfield></datafield><datafield ind1=" " ind2="4" tag="050"><subfield code="a">AN2.M9</subfield><subfield code="b">M66</subfield></datafield><datafield ind1="0" ind2="0" tag="245"><subfield code="a">Morning star news.</subfield></datafield><datafield ind1=" " ind2=" " tag="260"><subfield code="a">Lame Deer, Mont. :</subfield><subfield code="b">Northern Cheyenne Reservation &amp; Community Action Program</subfield></datafield><datafield ind1=" " ind2=" " tag="300"><subfield code="a">v. ;</subfield><subfield code="c">28 cm.</subfield></datafield><datafield ind1=" " ind2=" " tag="310"><subfield code="a">Monthly</subfield></datafield><datafield ind1=" " ind2=" " tag="500"><subfield code="a">Mimeographed.</subfield></datafield><datafield ind1=" " ind2=" " tag="550"><subfield code="a">Issued by: Northern Cheyenne Tribe.</subfield></datafield><datafield ind1=" " ind2=" " tag="588"><subfield code="a">Description based on: Mar. 1967.</subfield></datafield><datafield ind1="1" ind2=" " tag="710"><subfield code="a">Northern Cheyenne Tribe of the Northern Cheyenne Indian Reservation, Montana.</subfield></datafield><datafield ind1=" " ind2=" " tag="752"><subfield code="a">United States</subfield><subfield code="b">Montana</subfield><subfield code="c">Rosebud</subfield><subfield code="d">Lame Deer.</subfield></datafield></record>